@inbook{Kundu2016,
  isbn = "978-0-12-405935-1",
  author = "Pijush Kundu and Ira M. Cohen and David R. Dowling",
  title = "Fluid Mechanics",
  publisher = "Academic Press",
  edition = 6,
  year = 2016,
  chapter = "4.14",
  pages = "162 -- 169",
  language = {english},
  hyphenation = {english}
}