@inbook{Vallander1978,
  isbn = "978-0-12-405935-1",
  author = "С. В. Валландер",
  title = "Лекции по гидроаэромеханике",
  publisher = "ЛГУ",
  edition = 1,
  year = 1978,
  chapter = "1.14, 3, 20",
  pages = "34 -- 35, 49 -- 56, 263 -- 268",
  language = {russian}
}

@inbook{Zapryanov1996,
  isbn = "954-07-0633-5",
  author = "Запрян Запрянов",
  title = "Хидродинамика",
  publisher = "Университетско издателство ``Св. Климент Охридски``",
  edition = 1,
  year = 1996,
  chapter = "1.8, 6.3",
  pages = "49 -- 54, 308 -- 318",
  language = {russian}
}

@inbook{Kundu2016,
  isbn = "978-0-12-405935-1",
  author = "Pijush Kundu and Ira M. Cohen and David R. Dowling",
  title = "Fluid Mechanics",
  publisher = "Academic Press",
  edition = 6,
  year = 2016,
  chapter = "4, sec.\ 14",
  pages = "162 -- 169",
  language = {english}
}