@inbook{Zapryanov1996,
  isbn = "954-07-0633-5",
  author = "Запрян Запрянов",
  title = "Хидродинамика",
  publisher = "Университетско издателство ``Св. Климент Охридски``",
  edition = 1,
  year = 1996,
  chapter = "5.10, 5.14",
  pages = "276 -- 282, 292 -- 294",
  language = {bulgarian},
  hyphenation = {bulgarian}
}

@inbook{Kundu2016,
  isbn = "978-0-12-405935-1",
  author = "Pijush Kundu and Ira M. Cohen and David R. Dowling",
  title = "Fluid Mechanics",
  publisher = "Academic Press",
  edition = 6,
  year = 2016,
  chapter = "8.1, 8.5",
  pages = "350 -- 353; 370 -- 377",
  language = {english},
  hyphenation = {english}
}